@INPROCEEDINGS{bonilla2010,
	author = {Edwin V. Bonilla and Shengbo Guo and Scott Sanner},
	title = {Gaussian Process Preference Elicitation},
	booktitle = {Advances in Neural Information Processing Systems 23},
	year = {2010},
	pages = {262-270}
}

@INPROCEEDINGS{Attias1999,
	author = {Hagai Attias},
	title = {Inferring Parameters and Structure of Latent Variable Models by Variational Bayes},
    	booktitle = {Proceedings of the Fifteenth Conference on Uncertainty in Artificial Intelligence},
	year = {1999},
	pages = {21-30}
}

@article{brochu2007active,
	title={Active preference learning with discrete choice data},
	author={Brochu, E. and de Freitas, N. and Ghosh, A.},
	journal={Advances in Neural Information Processing Systems 20},
	volume={20},
	pages={409--416},
	year={2007},
	publisher={Citeseer}
}

@article{birlutiu2009,
	title = "Multi-task preference learning with an application to hearing aid personalization",
	journal = "Neurocomputing",
	volume = "73",
	number = "7â€“9",
	pages = "1177 - 1185",
	year = "2010",
	author = "A. Birlutiu and P. Groot and T. Heskes",
}

@inproceedings{chu2005,
  title={Preference learning with {G}aussian processes},
  author={Chu, W. and Ghahramani, Z.},
  booktitle={Proceedings of the 22nd international conference on Machine learning},
  pages={137--144},
  year={2005},
}
@article{mackay1992,
  title={Information-based objective functions for active data selection},
  author={MacKay, D.J.C.},
  journal={Neural computation},
  volume={4},
  number={4},
  pages={590--604},
  year={1992}
}

@article{lawrence2002,
  title={Fast sparse Gaussian process methods: The informative vector machine},
  author={Lawrence, N.D. and Seeger, M. and Herbrich, R.},
  journal={Advances in Neural Information Processing Systems 15},
  volume={15},
  pages={609--616},
  year={2002}
}
@article{sebastiani2000,
  title={{Maximum entropy sampling and optimal Bayesian experimental design}},
  author={Sebastiani, P. and Wynn, H.P.},
  journal={Journal of the Royal Statistical Society. Series B  (Statistical Methodology)},
  volume={62},
  number={1},
  pages={145--157},
  year={2000}
}

@article{seung1997,
  title={{Selective sampling using the query by committee algorithm}},
  author={Freund, Y. and Seung, H.S. and Shamir, E. and Tishby, N.},
  journal={Machine Learning},
  volume={28},
  number={2},
  pages={133--168},
  year={1997},
  publisher={Springer}
}
@article{tong2001,
  author = "S. Tong and D. Koller",
  title = "Support vector machine active learning with applications to text classification",
  journal = "Journal of Machine Learning Research",
  volume = 2,
  pages = "45--66",
  year = 2001,
}
@ARTICLE{gerven2010a,
	AUTHOR = {Marcel van Gerven and Botond Cseke and Floris de Lange and Tom Heskes},
	TITLE = {Efficient {B}ayesian multivariate {fMRI} analysis using a sparsifying spatio-temporal prior},
	JOURNAL = {Neuroimage},
	YEAR = 2010,
	VOLUME = 50,
	PAGES = {150-161}
}
@INCOLLECTION{raiko2007,
	author = {T. Raiko and A. Ilin and K. Juha},
	title = {Principal Component Analysis for Large Scale Problems with Lots of
		Missing Values},
	booktitle = {Machine Learning: ECML 2007},
	publisher = {Springer Berlin / Heidelberg},
	year = {2007},
	editor = {Kok, Joost and Koronacki, Jacek and Mantaras, Raomon and Matwin,
		Stan and Mladenic, Dunja and Skowron, Andrzej},
	volume = {4701},
	series = {Lecture Notes in Computer Science},
	pages = {691-698}
}
@INPROCEEDINGS{stern2009,
	author = {D. H. Stern and R. Herbrich and T. Graepel},
	title = {Matchbox: large scale online bayesian recommendations},
	booktitle = {Proceedings of the 18th international conference on World wide web},
	year = {2009},
	pages = {111--120}
}
@article{heckerman1995,
 author               = {Heckerman, D. and Breese, J. and Rommelse, K.},
 journal              = {Communications of the ACM},
 number               = {3},
 pages                = {27--41},
 title                = {Troubleshooting under uncertainty},
 volume               = {38},
 year                 = {1995},
}
@inproceedings{golovin2010,
  title={Adaptive submodularity: A new approach to active learning and stochastic optimization},
  author={Golovin, D. and Krause, A.},
  booktitle={Proceedings of International Conference on Learning Theory (COLT)},
  year={2010},
}
@book{coverandthomas,
  title={Elements of information theory},
  author={Cover, T.M. and Thomas, J.A. and Wiley, J.},
  volume={6},
  year={1991},
  publisher={Wiley Online Library}
}
@inproceedings{dasgupta2005,
  title={Analysis of a greedy active learning strategy},
  author={Dasgupta, S.},
  booktitle={Advances in neural information processing systems 17},
  pages={337--344},
  year={2005}
}
@article{panzeri2007,
  title={{Correcting for the sampling bias problem in spike train information measures}},
  author={Panzeri S., Senatore R., Montemurro M.A. and Petersen R.S.},
  journal={Journal of neurophysiology},
  volume={98},
  number={3},
  pages={1064},
  year={2007}
}
@article{lindley1956,
  title={{On a measure of the information provided by an experiment}},
  author={Lindley, D.V.},
  journal={The Annals of Mathematical Statistics},
  volume={27},
  number={4},
  pages={986--1005},
  year={1956}
}
@article{bernardo1979,
  title={{Expected information as expected utility}},
  author={Bernardo, J.M.},
  journal={The Annals of Statistics},
  volume={7},
  number={3},
  pages={686--690},
  year={1979}
}
@inproceedings{krishnapuram2004,
  title={{On semi-supervised classification}},
  author={Krishnapuram, B. and Williams, D. and Xue, Y. and Hartemink, A. and Carin, L. and Figueiredo, M.},
  booktitle={Advances in neural information processing systems 17},
  pages={721--728},
  year={2004}
}
@article{seung1997,
  title={{Selective sampling using the query by committee algorithm}},
  author={Freund, Y. and Seung, H.S. and Shamir, E. and Tishby, N.},
  journal={Machine Learning},
  volume={28},
  number={2},
  pages={133--168},
  year={1997},
  publisher={Springer}
}
@inproceedings{joachims2002,
  title={Optimizing search engines using clickthrough data},
  author={Joachims, T.},
  booktitle={Proceedings of the eighth ACM SIGKDD international conference on Knowledge discovery and data mining},
  pages={133--142},
  year={2002},
  organization={ACM}
}
@book{furnkranz2010,
  title={Preference learning},
  author={F{\"u}rnkranz, J. and H{\"u}llermeier, E.},
  year={2010},
  publisher={Springer-Verlag New York Inc}
}
@inproceedings{de2009,
  title={Preference learning in recommender systems},
  author={De Gemmis, M. and Iaquinta, L. and Lops, P. and Musto, C. and Narducci, F. and Semeraro, G.},
  booktitle={ECML/PKDD-09 Workshop on Preference Learning},
  year={2009}
}
@inproceedings{snelson2006,
  title={Sparse Gaussian processes using pseudo-inputs},
  author={Snelson, E. and Ghahramani, Z.},
  year={2005},
  booktitle = {Advances in Neural Information Processing Systems 18}
}
@inproceedings{koren2008,
  title={Factorization meets the neighborhood: a multifaceted collaborative filtering model},
  author={Koren, Y.},
  booktitle={Proceeding of the 14th ACM SIGKDD international conference on Knowledge discovery and data mining},
  year={2008},
  title = {Factorization meets the neighborhood: a multifaceted collaborative filtering model},
  pages = {426--434}
}
@inproceedings{srebro2005,
  title={Maximum-margin matrix factorization},
  author={Srebro, N. and Rennie, J.D.M. and Jaakkola, T.},
  booktitle={Advances in neural information processing systems 17},
  pages={1329--1336},
  year={2005}
}
@inproceedings{salakhutdinov2008,
  title={Probabilistic matrix factorization},
  author={Salakhutdinov, R. and Mnih, A.},
  journal={Advances in neural information processing systems 20},
  pages={1257--1264},
  year={2008}
}
@article{freund1997,
  title={Selective sampling using the query by committee algorithm},
  author={Freund, Y. and Seung, H.S. and Shamir, E. and Tishby, N.},
  journal={Machine learning},
  volume={28},
  number={2},
  pages={133--168},
  year={1997}
}
@article{kingsley2006,
  title={Preference uncertainty, preference refinement and paired comparison choice experiments},
  author={Kingsley, D.C.},
  journal={Center for Economic Analysis},
  year={2006}
}
@BOOK{rasmussen2006,
        title = {Gaussian Processes for Machine Learning},
        publisher = {The MIT Press},
        year = {2006},
        author = {Rasmussen, Carl Edward and Williams, Christopher K. I.},
}
@PHDTHESIS{birlutiu2011,
        author = {A. B\^irlut\c{i}u},
        title = {Applications for Preference Learning and Supervised Network Inference},
        school = {Radboud University Nijmegen},
        year = {2011}
}
@inproceedings{kamishima2003,
	author = {Kamishima, T.},
	title = {Nantonac collaborative filtering: recommendation based on order responses},
	booktitle = {Proceedings of the ninth ACM SIGKDD international conference on Knowledge discovery and data mining},
	year = {2003},
	pages = {583--588}
}

@PHDTHESIS{Minka2001,
        author = {Tom Minka},
        title = {A family of algorithms for approximate Bayesian inference},
        school = {MIT},
        year = {2001}
}

@ARTICLE{nickisch2008,
        author = {Nickisch, Hannes and Rasmussen, Carl Edward},
        title = {Approximations for Binary {Gaussian} Process Classification},
        journal = {The Journal of Machine Learning Research},
        year = {2008},
        volume = {9},
        pages = {2035--2078}
}
@conference{Minka2002,
  title={Expectation-propagation for the Generative Aspect Model},
  author={T. Minka and J. Lafferty},
  booktitle = {Proceedings of the Eighteenth conference on Uncertainty in artificial intelligence},
  year = {2002},
  pages = {352--359}
}
@PHDTHESIS{HernandezLobato2010,
	author = {Jos\'e Miguel Hern\'andez-Lobato},
	title = {Balancing Flexibility and Robustness in Machine Learning: Semi-parametric Methods and Sparse Linear Models},
	school = {Universidad Aut\'onoma de Madrid},
	year = {2010}
}

@UNPUBLISHED{MacKay2001,
	author = {D. J. C. MacKay},
	year = {2001},
	title = {Local minima, symmetry-breaking, and model pruning in variational free energy minimization},
	note = {Available at http://www.inference.phy.cam.ac.uk/mackay/minima.pdf},
	owner = {miguel},
	timestamp = {2012.05.30}
}

@INBOOK{Ghahramani2001,
	chapter = {Graphical models and variational methods},
	pages = {161--177},
	title = {Advanced Mean Field Method---Theory and Practice},
	year = {2001},
	editor = {Saad, D. and Opper, M.},
	author = {Ghahramani, Z. and Beal, M. J.}
}
